
@article{motta2021,
	title = {Reconstruction of ARNT PAS-B Unfolding Pathways by Steered Molecular Dynamics and Artificial Neural Networks},
	author = {Motta, Stefano and Pandini, Alessandro and Fornili, Arianna and Bonati, Laura},
	year = {2021},
	month = {03},
	date = {2021-03-29},
	journal = {Journal of Chemical Theory and Computation},
	pages = {2080--2089},
	volume = {17},
	number = {4},
	doi = {10.1021/acs.jctc.0c01308},
	url = {http://dx.doi.org/10.1021/acs.jctc.0c01308},
	langid = {en}
}

@article{Motta2021,
	title = {Reconstruction of ARNT PAS-B Unfolding Pathways by Steered Molecular Dynamics and Artificial Neural Networks},
	author = {Motta, Stefano and Pandini, Alessandro and Fornili, Arianna and Bonati, Laura},
	year = {2021},
	month = {03},
	date = {2021-03-29},
	journal = {Journal of Chemical Theory and Computation},
	pages = {2080--2089},
	volume = {17},
	number = {4},
	doi = {10.1021/acs.jctc.0c01308},
	url = {http://dx.doi.org/10.1021/acs.jctc.0c01308},
	langid = {en}
}
